
@article{Akbari,
 author = {Akbari, Mohammad and Liang, Jie and Cheng, Howard},
 title = {A Real-time System for Online Learning-based Visual Transcription of Piano Music},
 journal = {Multimedia Tools Appl.},
 issue_date = {October   2018},
 volume = {77},
 number = {19},
 month = oct,
 year = {2018},
 issn = {1380-7501},
 pages = {25513--25535},
 numpages = {23},
 url = {https://doi.org/10.1007/s11042-018-5803-1},
 doi = {10.1007/s11042-018-5803-1},
 acmid = {3276118},
 publisher = {Kluwer Academic Publishers},
 address = {Norwell, MA, USA},
 keywords = {Convolutional neural networks, Image and video processing, Music information retrieval, Online learning, Real-time piano music transcription, Support vector machines},
} 
