@article{SIFT,
  title={Object Recognition from Local Scale-Invariant Features},
  author={Lowe, David G}
}

@article{VGG,
  title={Very deep convolutional networks for large-scale image recognition},
  author={Simonyan, Karen and Zisserman, Andrew},
  journal={arXiv preprint arXiv:1409.1556},
  year={2014}
}

@article{LSTM,
  title={Long short-term memory},
  author={Hochreiter, Sepp and Schmidhuber, J{\"u}rgen},
  journal={Neural computation},
  volume={9},
  number={8},
  pages={1735--1780},
  year={1997},
  publisher={MIT Press}
}

@article{Akbari,
 author = {Akbari, Mohammad and Liang, Jie and Cheng, Howard},
 title = {A Real-time System for Online Learning-based Visual Transcription of Piano Music},
 journal = {Multimedia Tools Appl.},
 issue_date = {October   2018},
 volume = {77},
 number = {19},
 month = oct,
 year = {2018},
 issn = {1380-7501},
 pages = {25513--25535},
 numpages = {23},
 url = {https://doi.org/10.1007/s11042-018-5803-1},
 doi = {10.1007/s11042-018-5803-1},
 acmid = {3276118},
 publisher = {Kluwer Academic Publishers},
 address = {Norwell, MA, USA},
 keywords = {Convolutional neural networks, Image and video processing, Music information retrieval, Online learning, Real-time piano music transcription, Support vector machines},
}


@article{gorodnichy2006detection,
  title={Detection and Tracking of Pianist Hands and Fingers},
  author={Gorodnichy, D and Yogeswaran, A},
  year={2006}
}

@techreport{Hough,
  title={Use of the Hough transformation to detect lines and curves in pictures},
  author={Duda, Richard O and Hart, Peter E},
  year={1971},
  institution={SRI INTERNATIONAL MENLO PARK CA ARTIFICIAL INTELLIGENCE CENTER}
}

@incollection{Canny,
  title={A computational approach to edge detection},
  author={Canny, John},
  booktitle={Readings in computer vision},
  pages={184--203},
  year={1987},
  publisher={Elsevier}
}

@inproceedings{resnet,
  title={Deep residual learning for image recognition},
  author={He, Kaiming and Zhang, Xiangyu and Ren, Shaoqing and Sun, Jian},
  booktitle={Proceedings of the IEEE conference on computer vision and pattern recognition},
  pages={770--778},
  year={2016}
}